<record><leader>00000cas a22000007a 4500</leader><controlfield tag="001">15701625</controlfield><controlfield tag="008">870518d19751976inuwr ne      0    0eng d</controlfield><datafield ind1=" " ind2=" " tag="010"><subfield code="a">sn 87056239 </subfield></datafield><datafield ind1=" " ind2=" " tag="040"><subfield code="a">NPI</subfield><subfield code="b">eng</subfield><subfield code="c">NPI</subfield><subfield code="d">OCLCQ</subfield><subfield code="d">IUL</subfield><subfield code="d">OCLCF</subfield></datafield><datafield ind1=" " ind2=" " tag="042"><subfield code="a">msc</subfield></datafield><datafield ind1=" " ind2=" " tag="043"><subfield code="a">n-us-in</subfield></datafield><datafield ind1="0" ind2="0" tag="245"><subfield code="a">DeKalb record-herald.</subfield></datafield><datafield ind1="3" ind2="0" tag="246"><subfield code="a">De Kalb record-herald</subfield></datafield><datafield ind1=" " ind2=" " tag="260"><subfield code="a">Butler, Ind. :</subfield><subfield code="b">Lee Ellen Ford,</subfield><subfield code="c">1975-1976.</subfield></datafield><datafield ind1=" " ind2=" " tag="300"><subfield code="a">1 volume</subfield></datafield><datafield ind1=" " ind2=" " tag="310"><subfield code="a">Weekly</subfield></datafield><datafield ind1="0" ind2=" " tag="362"><subfield code="a">No. 10 (Mar. 19, 1975)-[No. 30] (July 28, 1976).</subfield></datafield><datafield ind1=" " ind2=" " tag="515"><subfield code="a">July 28, 1976 issue not numbered but constitutes no. 30.</subfield></datafield><datafield ind1=" " ind2="0" tag="651"><subfield code="a">Butler (Ind.)</subfield><subfield code="v">Newspapers.</subfield></datafield><datafield ind1=" " ind2="0" tag="651"><subfield code="a">De Kalb County (Ind.)</subfield><subfield code="v">Newspapers.</subfield></datafield><datafield ind1=" " ind2="7" tag="651"><subfield code="a">Indiana</subfield><subfield code="z">Butler.</subfield><subfield code="2">fast</subfield><subfield code="0">(OCoLC)fst01261986</subfield></datafield><datafield ind1=" " ind2="7" tag="651"><subfield code="a">Indiana</subfield><subfield code="z">De Kalb County.</subfield><subfield code="2">fast</subfield><subfield code="0">(OCoLC)fst01225876</subfield></datafield><datafield ind1=" " ind2="7" tag="655"><subfield code="a">Newspapers.</subfield><subfield code="2">fast</subfield><subfield code="0">(OCoLC)fst01423814</subfield></datafield><datafield ind1=" " ind2=" " tag="752"><subfield code="a">United States</subfield><subfield code="b">Indiana</subfield><subfield code="c">De Kalb</subfield><subfield code="d">Butler.</subfield></datafield><datafield ind1="0" ind2="0" tag="780"><subfield code="t">Record-herald (Butler, Ind. : 1928)</subfield><subfield code="w">(DLC)sn 87056211</subfield><subfield code="w">(OCoLC)15701936</subfield></datafield><datafield ind1="0" ind2="0" tag="785"><subfield code="t">Record-herald (Butler, Ind. : 1976)</subfield><subfield code="w">(DLC)sn 87056212</subfield><subfield code="w">(OCoLC)15701339</subfield></datafield></record>